<?xml version="1.0" encoding="UTF-8"?><collection xmlns="http://www.loc.gov/MARC21/slim"><record><leader>00294nam--2200121-i-4500</leader><controlfield tag="001">000032173</controlfield><controlfield tag="002">20161230</controlfield><controlfield tag="005">20161230201039</controlfield><controlfield tag="008">060222s1000------------r-----000-0-eng-d</controlfield><datafield ind1=" " ind2=" " tag="100"><subfield code="a">Howe, J.P</subfield></datafield><datafield ind1=" " ind2=" " tag="260"><subfield code="a">Metallurgy And Fuels</subfield></datafield><datafield ind1=" " ind2=" " tag="490"><subfield code="a">Progress In Nuclear Energy.Series V</subfield></datafield><datafield ind1=" " ind2=" " tag="700"><subfield code="a">Finiston, H.M</subfield></datafield></record></collection>